% cheat sheet / reference: http://en.wikibooks.org/wiki/LaTeX/Bibliography_Management

% example
% Required that only cited elements show up in the reference section. 
@article{refname:long_description,
    title = {Investor sentiment and the near-term stock market },
    author = {Gregory W. Brown and Michael T. Cliff},
    journal = {Journal of Empirical Finance },
    volume = {11},
    number = {1},
    pages = {1 - 27},
    year = {2004},
    note = {},
    issn = {0927-5398},
    doi = {http://dx.doi.org/10.1016/j.jempfin.2002.12.001},
    url = {http://www.sciencedirect.com/science/article/pii/S0927539803000422},
    keywords = {Investor sentiment},
    keywords = {Return predictability}
}

@MastersThesis{refname:long_description,
  title =    {This and that article },
  author =   {Author 1 and Author 2},
  school =   {Department of Computer and Information Science, NTNU},
  year =     2013,
  note =     {Available from www.cochrane-handbook.org}
}
% example end. 

@article{java07,
	title = {Why we Twitter: Understanding Microblogging Usage and Communities.},
	author = {A. Java and X. Song and T. Finin and B. Tseng},
	year = {2007},
	note = {9th WebKDD and 1st SNA-KDD workshop on web mining and social network analysis, 2007.},
}

@article{sprenger10,
    title = {Tweets and Trades: The Information Content of Stock Microblogs},
    author = {Timm O. Sprenger and Isabell M. Welpe},
    school = {Technische Universität München
        TUM School of Management
        Chair for Strategy and Organization
        Leopoldstraße 139
        80804 Munich
        Germany
        },
    year = {December 2010},
    note = {},
}

@article{mukherjee13,
	title = {Exploiting Topic based Twitter Sentiment for Stock Prediction},
	author = {Jianfeng Si and Arjun Mukherjee and Bing Liu and  Qing Li and Huayi Li and Xiaotie Deng},
	year = {2013},
	note = {Proceedings of the 51st Annual Meeting of the Association for
        Computational Linguistics, pages 24–29,
        Soﬁa, Bulgaria, August 4-9 2013. 
        c 2013 Association for Computational Linguistics},
}

@article{sperious11,
	title = {Twitter Polarity Classification with Label Propagation over Lexical
Links and the Follower Graph},
	author = {Michael Speriosu and and Nikita Sudan and Sid Upadhyay and Jason
Baldridge},
	school = {University of Texas at Austin},
	year = 2011,
	note = {Proceedings of EMNLP 2011, Conference on Empirical Methods in
        Natural Language Processing, pages 53–63,
        Edinburgh, Scotland, UK, July 27–31, 2011. 
        c 2011 Association for Computational Linguistics}
}

@article{Becker13,
  title =    {AVAYA: Sentiment Analysis on Twitter with Self-Training and Polarity Lexicon Expansion},
  author =   {Lee Becker and George Erhart and David Skiba and Valentine Matula},
  year =     2013,
  note =     {Second Joint Conference on Lexical and Computational Semantics
(*SEM), Volume 2: Seventh International Workshop on Semantic
Evaluation (SemEval 2013), pages 333–340, Atlanta, Georgia, June 14-15, 2013. 
c 2013 Association for Computational Linguistics}
}

@article{barbosa10,
	title = {Robust Sentiment Detection on Twitter from Biased and Noisy Data},
	author = {Luciano Barbosa and Junlan Feng},
	institution = {AT\&T Labs - Research},
	year = {2010},
	note = {Coling 2010: Poster Volume, pages 36–44, Beijing, August 2010}
}

@article{Brown20041,
    title = {Investor sentiment and the near-term stock market },
    journal = {Journal of Empirical Finance },
    volume = {11},
    number = {1},
    pages = {1 - 27},
    year = {2004},
    note = {},
    issn = {0927-5398},
    doi = {http://dx.doi.org/10.1016/j.jempfin.2002.12.001},
    url = {http://www.sciencedirect.com/science/article/pii/S0927539803000422},
    author = {Gregory W. Brown and Michael T. Cliff},
    keywords = {Investor sentiment},
    keywords = {Return predictability} 
}



@article{Zhang201155,
    title = {Predicting Stock Market Indicators Through Twitter “I hope it is not as bad as I fear” },
    journal = {Procedia - Social and Behavioral Sciences },
    volume = {26},
    number = {0},
    pages = {55 - 62},
    year = {2011},
    note = {<ce:title>The 2nd Collaborative Innovation Networks Conference - COINs2010</ce:title> },
    issn = {1877-0428},
    doi = {http://dx.doi.org/10.1016/j.sbspro.2011.10.562},
    url = {http://www.sciencedirect.com/science/article/pii/S1877042811023895},
    author = {Xue Zhang and Hauke Fuehres and Peter A. Gloor},
    keywords = {Twitter},
    keywords = {economic indicator prediction},
    keywords = {Web buzz analysis},
    keywords = {coolhunting }
}


@article{Li2013206,
    title = {Deriving market intelligence from microblogs },
    journal = {Decision Support Systems },
    volume = {55},
    number = {1},
    pages = {206 - 217},
    year = {2013},
    note = {},
    issn = {0167-9236},
    doi = {http://dx.doi.org/10.1016/j.dss.2013.01.023},
    url = {http://www.sciencedirect.com/science/article/pii/S0167923613000511},
    author = {Yung-Ming Li and Tsung-Ying Li},
    keywords = {Social media},
    keywords = {Microblog},
    keywords = {Market trends},
    keywords = {Sentiment classification},
    keywords = {Credibility assessment},
    keywords = {Opinion classification }
}


@article{bollen2011,
    title = {Twitter mood predicts the stock market},
    journal = {Journal of Computational Science},
    volume = {2},
    number = {1},
    pages = {1 - 8},
    year = {2011},
    issn = {1877-7503},
    doi = {http://dx.doi.org/10.1016/j.jocs.2010.12.007},
    url = {http://www.sciencedirect.com/science/article/pii/S187775031100007X},
    author = {Johan Bollen and Huina Mao and Xiaojun Zeng},
    keywords = {Social networks},
    keywords = {Sentiment tracking},
    keywords = {Stock market},
    keywords = {Collective mood}
}


@misc{stevenson12:social_media_stock_pickers,
	title = {The social media stock pickers},
    author = {Alexandra Stevenson}, 
    month = {Oct 23}, 
    journal = {Financial Times}, 
	pages = {14},
	year = {2012},
    note = {Copyright - Copyright Financial Times Ltd. 2012. All rights reserved.; Last updated - 2012-10-23}, 
    isbn = {03071766}, 
	language = {English},
    url = {http://search.proquest.com/docview/1114502067?accountid=12870} 
    keywords = {Political Science},
}


@misc{laurentluce12,
	title = {Twitter sentiment analysis using Python and NLTK},
	author = {Laurent Luce},
	year = {January 2, 2012},
	note = {http://www.laurentluce.com/posts/twitter-sentiment-analysis-using-python-and-nltk/}, 
}

@MastersThesis{annikajubbega11:twitter_driver_stock_price,
	title = {Twitter as driver of stock price.},
	author = {Annika Jubbega},
	school = {BI Norwegian School of Management},
	year = 2011,
	note = {},
}

@article{doukas10:sentiment_and_momentum,
	title = {Sentiment and Momentum},
	author = {Doukas, John A. and Antoniou, Constantinos and Subrahmanyam,
Avanidhar},
	year = {January 10, 2010},
	note = {Updated May 20, 2011. Available at SSRN:
http://ssrn.com/abstract=1479197 or http://dx.doi.org/10.2139/ssrn.1479197},

}

